
@COMMENT{
	==========================================================
	DASH
	==========================================================
}
@inproceedings{maier2010first,
	title={A first look at mobile hand-held device traffic},
	author={Maier, Gregor and Schneider, Fabian and Feldmann, Anja},
	booktitle={Proceedings of PAM},
	pages={161--170},
	year={2010},
}

@article{kaplan2012if,
	title={If you love something, let it go mobile: Mobile marketing and mobile social media 4x4},
	author={Kaplan, Andreas M},
	journal={Business Horizons},
	volume={55},
	number={2},
	pages={129--139},
	year={2012},
	publisher={Elsevier}
}

@inproceedings{figueiredo2011tube,
	title={The tube over time: characterizing popularity growth of youtube videos},
	author={Figueiredo, Flavio and Benevenuto, Fabr{\'\i}cio and Almeida, Jussara M},
	booktitle={Proceedings of the fourth ACM WSDM},
	pages={745--754},
	year={2011},
}

@inproceedings{brodersen2012youtube,
	title={Youtube around the world: geographic popularity of videos},
	author={Brodersen, Anders and Scellato, Salvatore and Wattenhofer, Mirjam},
	booktitle={Proceedings of the 21st WWW},
	pages={241--250},
	year={2012},
}

@inproceedings{li2012video,
	title={Video sharing in online social networks: measurement and analysis},
	author={Li, Haitao and Wang, Haiyang and Liu, Jiangchuan and Xu, Ke},
	booktitle={Proceedings of the 22nd NOSSDAV},
	pages={83--88},
	year={2012},
}

@article{figueiredo2014dynamics,
	title={On the dynamics of social media popularity: A youtube case study},
	author={Figueiredo, Flavio and Almeida, Jussara M and Gon{\c{c}}alves, Marcos Andr{\'e} and Benevenuto, Fabr{\'\i}cio},
	journal={ACM Transactions on Internet Technology},
	volume={14},
	number={4},
	pages={24},
	year={2014},
	publisher={ACM}
}

@inproceedings{gill2007youtube,
	title={Youtube traffic characterization: a view from the edge},
	author={Gill, Phillipa and Arlitt, Martin and Li, Zongpeng and Mahanti, Anirban},
	booktitle={Proceedings of the 7th ACM SIGCOMM IMC},
	pages={15--28},
	year={2007},
}

@article{seufert2015survey,
	title={A survey on quality of experience of {HTTP} adaptive streaming},
	author={Seufert, Michael and Egger, Sebastian and Slanina, Martin and Zinner, Thomas and Ho{\ss}feld, Tobias and Tran-Gia, Phuoc},
	journal={IEEE Communications Surveys \& Tutorials},
	volume={17},
	number={1},
	pages={469--492},
	year={2015}
}

@inproceedings{krishnappa2013dashing,
	title={{DASHing YouTube}: An analysis of using {DASH} in {YouTube} video service},
	author={Krishnappa, Dilip Kumar and Bhat, Divyashri and Zink, Michael},
	booktitle={Proceedings of IEEE 38th LCN},
	pages={407--415},
	year={2013}
}

@inproceedings{stockhammer2011dynamic,
	title={Dynamic adaptive streaming over {HTTP}--: standards and design principles},
	author={Stockhammer, Thomas},
	booktitle={Proceedings of the second annual ACM MMSys},
	pages={133--144},
	year={2011},
}

@inproceedings{erman2011over,
	title={Over the top video: the gorilla in cellular networks},
	author={Erman, Jeffrey and Gerber, Alexandre and Ramadrishnan, KK and Sen, Subhabrata and Spatscheck, Oliver},
	booktitle={Proceedings of the 2011 ACM SIGCOMM IMC},
	pages={127--136},
	year={2011},
}

@article{thang2012adaptive,
	title={Adaptive streaming of audiovisual content using {MPEG DASH}},
	author={Thang, Truong Cong and Ho, Quang-Dung and Kang, Jung Won and Pham, Anh T},
	journal={IEEE Transactions on Consumer Electronics},
	volume={58},
	number={1},
	pages={78--85},
	year={2012}
}

@article{zhao2015qoe,
	title={{QoE}-driven cross-layer optimization for wireless dynamic adaptive streaming of scalable videos over {HTTP}},
	author={Zhao, Mincheng and Gong, Xiangyang and Liang, Jie and Wang, Wendong and Que, Xirong and Cheng, Shiduan},
	journal={IEEE Transactions on Circuits and Systems for Video Technology},
	volume={25},
	number={3},
	pages={451--465},
	year={2015},
}

@inproceedings{wang2014joint,
	title={Joint online transcoding and geo-distributed delivery for dynamic adaptive streaming},
	author={Wang, Zhi and Sun, Lifeng and Wu, Chuan and Zhu, Wenwu and Yang, Shiqiang},
	booktitle={Proceedings of IEEE INFOCOM},
	pages={91--99},
	year={2014},
}

@inproceedings{juluri2015cache,
	title={Cache'n {DASH}: Efficient Caching for {DASH}},
	author={Juluri, Parikshit and Medhi, Deep},
	booktitle={ACM SIGCOMM Computer Communication Review},
	volume={45},
	number={4},
	pages={599--600},
	year={2015}
}

@inproceedings{cheng2008statistics,
	title={Statistics and social network of youtube videos},
	author={Cheng, Xu and Dale, Cameron and Liu, Jiangchuan},
	booktitle={Proceedings of 16th IWQoS},
	pages={229--238},
	year={2008},
}

@inproceedings{davidson2010youtube,
	title={The YouTube video recommendation system},
	author={Davidson, James and Liebald, Benjamin and Liu, Junning and Nandy, Palash and Van Vleet, Taylor and Gargi, Ullas and Gupta, Sujoy and He, Yu and Lambert, Mike and Livingston, Blake and others},
	booktitle={Proceedings of the fourth ACM RecSys},
	pages={293--296},
	year={2010},
}

@inproceedings{baluja2008video,
	title={Video suggestion and discovery for youtube: taking random walks through the view graph},
	author={Baluja, Shumeet and Seth, Rohan and Sivakumar, D and Jing, Yushi and Yagnik, Jay and Kumar, Shankar and Ravichandran, Deepak and Aly, Mohamed},
	booktitle={Proceedings of the 17th WWW},
	pages={895--904},
	year={2008},
}

@inproceedings{hourcade2015look,
	title={Look, My Baby Is Using an {iPad}! An Analysis of {YouTube} Videos of Infants and Toddlers Using Tablets},
	author={Hourcade, Juan Pablo and Mascher, Sarah L and Wu, David and Pantoja, Luiza},
	booktitle={Proceedings of the 33rd Annual ACM CHI},
	pages={1915--1924},
	year={2015},
}

@inproceedings{anorga2015youtube,
	title={YouTube’s DASH implementation analysis},
	author={Anorga, Javier and Arrizabalaga, Saioa and Sedano, Beatriz and Alonso-Arce, Maykel and Mendizabal, Jaizki},
	booktitle={Proceedings of 19th CSCC},
	pages={61--66},
	year={2015}
}

@article{wamser2016modeling,
	title={Modeling the YouTube stack: From packets to quality of experience},
	author={Wamser, Florian and Casas, Pedro and Seufert, Michael and Moldovan, Christian and Tran-Gia, Phuoc and Hossfeld, Tobias},
	journal={Computer Networks},
	year={2016},
	publisher={Elsevier}
}

@inproceedings{wamser2015poster,
	title={Poster: Understanding YouTube {QoE} in Cellular Networks with {YoMoApp}: A {QoE} Monitoring Tool for {YouTube} Mobile},
	author={Wamser, Florian and Seufert, Michael and Casas, Pedro and Irmer, Ralf and Tran-Gia, Phuoc and Schatz, Raimund},
	booktitle={Proceedings of the 21st MobiCom},
	pages={263--265},
	year={2015},
}

@inproceedings{Wamser:2015:PUY:2789168.2795176,
	author = {Wamser, Florian and Seufert, Michael and Casas, Pedro and Irmer, Ralf and Tran-Gia, Phuoc and Schatz, Raimund},
	title = {Poster: Understanding YouTube QoE in Cellular Networks with YoMoApp: A QoE Monitoring Tool for YouTube Mobile},
	booktitle = {Proceedings of the 21st MobiCom},
	series = {MobiCom '15},
	year = {2015},
	pages = {263--265},
	numpages = {3},
} 

@inproceedings{quinlan2015delivery,
	title={Delivery of adaptive bit rate video: balancing fairness, efficiency and quality},
	author={Quinlan, Jason J and Zahran, Ahmed H and Ramakrishnan, KK and Sreenan, Cormac J},
	booktitle={The 21st IEEE LANMAN},
	pages={1--6},
	year={2015},
}

@ARTICLE{6757893ieeeexp,
	author={J. J. Ramos-munoz and J. Prados-Garzon and P. Ameigeiras and J. Navarro-Ortiz and J. M. Lopez-soler},
	journal={IEEE Wireless Communications},
	title={Characteristics of mobile youtube traffic},
	year={2014},
	volume={21},
	number={1},
	pages={18-25},
	month={February},
}

@ARTICLE{7129790ieeeexp,
	author={X. Che and B. Ip and L. Lin},
	journal={IEEE Multimedia},
	title={A Survey of Current YouTube Video Characteristics},
	year={2015},
	volume={22},
	number={2},
	pages={56-63},
	month={Apr},
}

@INPROCEEDINGS{7147727ieeeexp,
	author={G. Horvath and P. Fazekas},
	booktitle={European Wireless 2015; 21th European Wireless Conference; Proceedings of},
	title={Modelling of YouTube Traffic in High Speed Mobile Networks},
	year={2015},
	pages={1-6},
	month={May},
}

@inproceedings{Pires:2014:DTA:2676652.2676657,
	author = {Pires, Karine and Simon, Gwendal},
	title = {DASH in Twitch: Adaptive Bitrate Streaming in Live Game Streaming Platforms},
	booktitle = {Proceedings of the 2014 Workshop on Design, Quality and Deployment of Adaptive Video Streaming},
	series = {VideoNext '14},
	year = {2014},
	isbn = {978-1-4503-3281-1},
	location = {Sydney, Australia},
	pages = {13--18},
	numpages = {6},
	url = {http://doi.acm.org/10.1145/2676652.2676657},
	doi = {10.1145/2676652.2676657},
	acmid = {2676657},
	publisher = {ACM},
	address = {New York, NY, USA},
	keywords = {live streaming, user-generated content, video encoding},
} 

@Inbook{Hobfeld2013,
	author="Ho{\ss}feld, Tobias
	and Schatz, Raimund
	and Biersack, Ernst
	and Plissonneau, Louis",
	editor="Biersack, Ernst
	and Callegari, Christian
	and Matijasevic, Maja",
	title="Internet Video Delivery in YouTube: From Traffic Measurements to Quality of Experience",
	bookTitle="Data Traffic Monitoring and Analysis: From Measurement, Classification, and Anomaly Detection to Quality of Experience",
	year="2013",
	publisher="Springer Berlin Heidelberg",
	address="Berlin, Heidelberg",
	pages="264--301",
	isbn="978-3-642-36784-7",
	doi="10.1007/978-3-642-36784-7_11",
	url="http://dx.doi.org/10.1007/978-3-642-36784-7_11"
}

@online{nfqueue,
	title={Netfilter Queue (last accessed: July 2016)},
	url = {http://www.netfilter.org/projects/libnetfilter_queue/},
	year = 2016,
}

@online{json,
	title={Introducing JSON (last accessed: July 2016)},
	url = {http://www.json.org/},
	year = 2016,
}

@online{itag,
	title={Format and Resolution of {YouTube} Videos (last accessed: July 2016)},
	url = {http://www.genyoutube.net/formats-resolution-youtube-videos.html},
	year = 2016,
}

@online{ytapi,
	title={{YouTube API} (last accessed: July 2016)},
	url = {https://developers.google.com/youtube/},
	year = 2016,
}

@inproceedings{sieber2015cost,
	title={The cost of aggressive {HTTP} adaptive streaming: Quantifying {YouTube's} redundant traffic},
	author={Sieber, Christian and Blenk, Andreas and Hinteregger, Max and Kellerer, Wolfgang},
	booktitle={Proceedings of IFIP/IEEE IM},
	pages={1261--1267},
	year={2015}
}

@inproceedings{seufert2015youtube,
	title={{YouTube QoE} on mobile devices: Subjective analysis of classical vs. adaptive video streaming},
	author={Seufert, Michael and Wamser, Florian and Casas, Pedro and Irmer, Ralf and Tran-Gia, Phuoc and Schatz, Raimund},
	booktitle={Proceedings of IEEE IWCMC},
	pages={43--48},
	year={2015}
}

@inproceedings{finamore2011youtube,
	title={{YouTube} everywhere: Impact of device and infrastructure synergies on user experience},
	author={Finamore, Alessandro and Mellia, Marco and Munaf{\`o}, Maurizio M and Torres, Ruben and Rao, Sanjay G},
	booktitle={Proceedings of the 2011 ACM SIGCOMM IMC},
	pages={345--360},
	year={2011}
}


@inproceedings{sieber2016sacrificing,
	title={Sacrificing efficiency for quality of experience: {YouTube's} redundant traffic behavior},
	author={Sieber, Christian and Heegaard, Poul and Ho{\ss}feld, Tobias and Kellerer, Wolfgang},
	booktitle={Proceedings of IFIP Networking},
	pages={503--511},
	year={2016}
}

@article{breiman2001random,
	author = {Leo Breiman},
	journal = {Machine Learning},
	number = {1},
	pages = {5-32},
	title = {Random Forests},
	volume = {45},
	year = {2001}
}

@book{witten2016data,
	author = {Ian H. Witten and Eibe Frank and Mark A. Hall and Christopher J. Pal},
	title = {Data Mining: Practical Machine Learning Tools and Techniques},
	publisher = {Morgan Kaufmann},
	year = 2016,
	address = {Burlington, MA},
	edition = 4,
	http = {http://www.cs.waikato.ac.nz/~ml/weka/book.html}
}

@article{akyildiz2004predictive,
	title={The predictive user mobility profile framework for wireless multimedia networks},
	author={Akyildiz, Ian F and Wang, Wenye},
	journal={IEEE/ACM Transactions on Networking (TON)},
	volume={12},
	number={6},
	pages={1021--1035},
	year={2004},
	publisher={IEEE Press}
}

@COMMENT{
	==========================================================
	DASH-QUIC
	==========================================================
}
@inproceedings{rao2011network,
	title={Network characteristics of video streaming traffic},
	author={Rao, Ashwin and Legout, Arnaud and Lim, Yeon-sup and Towsley, Don and Barakat, Chadi and Dabbous, Walid},
	booktitle={Proceedings of the Seventh ACM CoNEXT},
	pages={25},
	year={2011},
	organization={ACM}
}

@article{kakhki2019taking,
	title={Taking a long look at {QUIC}: an approach for rigorous evaluation of rapidly evolving transport protocols},
	author={Kakhki, Arash Molavi and Jero, Samuel and Choffnes, David and Nita-Rotaru, Cristina and Mislove, Alan},
	journal={Communications of the ACM},
	volume={62},
	number={7},
	pages={86--94},
	year={2019},
	publisher={ACM New York, NY, USA}
}

@inproceedings{langley2017quic,
	title={The {QUIC} transport protocol: Design and internet-scale deployment},
	author={Langley, Adam and Riddoch, Alistair and Wilk, Alyssa and Vicente, Antonio and Krasic, Charles and Zhang, Dan and Yang, Fan and Kouranov, Fedor and Swett, Ian and Iyengar, Janardhan and others},
	booktitle={Proceedings of the ACM SIGCOMM},
	pages={183--196},
	year={2017},
	organization={ACM}
}

@inproceedings{yin2015control,
	title={A control-theoretic approach for dynamic adaptive video streaming over {HTTP}},
	author={Yin, Xiaoqi and Jindal, Abhishek and Sekar, Vyas and Sinopoli, Bruno},
	booktitle={ACM SIGCOMM Computer Communication Review},
	volume={45},
	number={4},
	pages={325--338},
	year={2015},
	organization={ACM}
}

@inproceedings{mao2017neural,
	title={Neural adaptive video streaming with {Pensieve}},
	author={Mao, Hongzi and Netravali, Ravi and Alizadeh, Mohammad},
	booktitle={Proceedings of the ACM SIGCOMM},
	pages={197--210},
	year={2017},
	organization={ACM}
}

@inproceedings{QUIC-2017,
	address = {New York, NY, USA},
	author = {Langley, Adam and Riddoch, Alistair and Wilk, Alyssa and Vicente, Antonio and Krasic, Charles and Zhang, Dan and Yang, Fan and Kouranov, Fedor and Swett, Ian and Iyengar, Janardhan and Bailey, Jeff and Dorfman, Jeremy and Roskind, Jim and Kulik, Joanna and Westin, Patrik and Tenneti, Raman and Shade, Robbie and Hamilton, Ryan and Vasiliev, Victor and Chang, Wan-Teh and Shi, Zhongyi},
	booktitle = {Proceedings of the ACM SIGCOMM},
	pages = {183--196},
	publisher = {ACM},
	title = {{The QUIC Transport Protocol: Design and Internet-Scale Deployment}},
	year = {2017}
}

@article{Erman,
	author = {Erman, Jeffrey and Gopalakrishnan, Vijay and Jana, Rittwik and Ramakrishnan, K K},
	title = {{Towards a SPDY'ier Mobile Web?}}
}


@article{Cui2017,
	title={Innovating transport with {QUIC}: Design approaches and research challenges},
	author={Cui, Yong and Li, Tianxiang and Liu, Cong and Wang, Xingwei and K{\"u}hlewind, Mirja},
	journal={IEEE Internet Computing},
	volume={21},
	number={2},
	pages={72--76},
	year={2017},
	publisher={IEEE}
}

@article{SPDYingupweb,
	author = {Thomas, Bryce and Jurdak, Raja and Atkinson, Ian},
	title = {SPDYing Up the Web},
	journal = {Commun. ACM},
	issue_date = {December 2012},
	volume = {55},
	number = {12},
	month = dec,
	year = {2012},
	issn = {0001-0782},
	pages = {64--73},
	numpages = {10},
	url = {http://doi.acm.org/10.1145/2380656.2380673},
	doi = {10.1145/2380656.2380673},
	acmid = {2380673},
	publisher = {ACM},
	address = {New York, NY, USA},
} 


@inproceedings{Megyesi2016,
	title={How quick is {QUIC?}},
	author={Megyesi, P{\'e}ter and Kr{\"a}mer, Zsolt and Moln{\'a}r, S{\'a}ndor},
	booktitle={Proceedings of the 2016 IEEE ICC},
	pages={1--6},
	year={2016},
	organization={IEEE}
}

@misc{roskind2015quic,
	title={{QUIC}: Design document and specification rational},
	author={Roskind, Jim},
	year={2015}
}

@article{Biswal2017,
	author = {Biswal, Prasenjeet and Gnawali, Omprakash},
	journal = {Proceedings of the 2016 IEEE Globecom},
	keywords = {Does QUIC Make the Web Faster?},
	title = {{Does QUIC make the web faster?}},
	year = {2017}
}

@article{Carlucci,
	
	author = {Carlucci, Gaetano and {De Cicco}, Luca and Mascolo, Saverio},
	doi = {10.1145/2695664.2695706},
	file = {:home/abhijit/.local/share/data/Mendeley Ltd./Mendeley Desktop/Downloaded/Carlucci, De Cicco, Mascolo - Unknown - HTTP over UDP an Experimental Investigation of QUIC.pdf:pdf},
	keywords = {HTTP,QUIC,SPDY,TCP,UDP,congestion control},
	mendeley-groups = {spdy-quic},
	title = {{HTTP over UDP: an Experimental Investigation of QUIC}}
}

@inproceedings{Lychev2015,
	author = {Lychev, Robert and Jero, Samuel and Boldyreva, Alexandra and Nita-Rotaru, Cristina},
	booktitle = {Proceedings - IEEE Symposium on Security and Privacy},
	doi = {10.1109/SP.2015.21},
	file = {:home/abhijit/.local/share/data/Mendeley Ltd./Mendeley Desktop/Downloaded/Lychev et al. - 2015 - How secure and quick is QUIC Provable security and performance analyses.pdf:pdf},
	isbn = {9781467369497},
	issn = {10816011},
	mendeley-groups = {spdy-quic},
	title = {{How secure and quick is QUIC? Provable security and performance analyses}},
	year = {2015}
}

@article{bakri2015http,
	title={{HTTP/2} and {QUIC} for Virtual Worlds and the {3D} Web?},
	author={Bakri, Hussein and Allison, Colin and Miller, Alan and Oliver, Iain},
	journal={Procedia Computer Science},
	volume={56},
	pages={242--251},
	year={2015},
	publisher={Elsevier}
}


@inproceedings{mpquic-measure,
	title={Multipath {QUIC}: Design and evaluation},
	author={De Coninck, Quentin and Bonaventure, Olivier},
	booktitle={Proceedings of the 13th ACM CoNEXT},
	pages={160--166},
	year={2017},
	organization={ACM}
}


@inproceedings {mahimahi,
	author = {Ravi Netravali and Anirudh Sivaraman and Somak Das and Ameesh Goyal and Keith Winstein and James Mickens and Hari Balakrishnan},
	title = {Mahimahi: Accurate Record-and-Replay for {HTTP}},
	booktitle = {Proceedings of the USENIX ATC},
	year = {2015},
	pages = {417--429}
}


@misc{dataset-fcc,
	author = {Federal Communications Commission},
	title = {{Raw Data - Measuring Broadband America - Eighth Report}},
	howpublished = "\url{https://www.fcc.gov/reports-research/reports/measuring-broadband-america/raw-data-measuring-broadband-america-eighth}",
	year = {2018}, 
	note = "[Online; accessed 29-March-2019]"
}

@misc{webrequest,
	title="Chrome.WebRequest",
	howpublished="\url{https://developer.chrome.com/extensions/webRequest}",
	note = "[Online; accessed 12-March-2020]"
}

@misc{har,
	title="HTTP Archive (HAR) format",
	howpublished="\url{https://w3c.github.io/web-performance/specs/HAR/Overview.html}",
	note="[Online; accessed 12-March-2020]"
}

@misc{xdotool,
	title="https://www.semicomplete.com/projects/xdotool/",
	howpublished="\url{https://github.com/jordansissel/xdotool}",
	note="[Online; accessed 12-March-2020]"
}
@misc{lsquic,
	author       = {{LiteSpeed Tech}},
	title        = {{litespeedtech/lsquic: LiteSpeed QUIC and HTTP/3 Library }},
	howpublished="\url{https://github.com/litespeedtech/lsquic}",
	note="[Online; accessed 12-March-2020]"
}

@article{mannwhitney,
	title={The {Mann-Whitney U}: A test for assessing whether two independent samples come from the same distribution},
	author={Nachar, Nadim and others},
	journal={TQMP},
	pages={13--20},
	year={2008}
}

@misc{go-quic,
	author = "Lucas Clemente",
	title = "A QUIC implementation in pure go",
	howpublished = "https://github.com/lucas-clemente/quic-go",
	note = "[Online; accessed 12-March-2020]"
}


@manual{man-udp,
	title      = "UDP(7) Linux Programmer's Manual ",
	year       = "2017",
	month      = "September",
}

@inproceedings{dataset-norway,
	author = {Riiser, Haakon and Vigmostad, Paul and Griwodz, Carsten and Halvorsen, P{\aa}l},
	title = {Commute Path Bandwidth Traces from {3G} Networks: Analysis and Applications},
	booktitle = {Proceedings of the ACM MMSys},
	year = {2013},
	pages = {114--118},
} 

@inproceedings{bhat2017not,
	title={Not so {QUIC}: A performance study of {DASH} over {QUIC}},
	author={Bhat, Divyashri and Rizk, Amr and Zink, Michael},
	booktitle={Proceedings of the 27th ACM NOSSDAV},
	pages={13--18},
	year={2017}
}

@inproceedings{bhat2018improving,
	title={Improving {QoE} of {ABR} Streaming Sessions through {QUIC} Retransmissions},
	author={Bhat, Divyashri and Deshmukh, Rajvardhan and Zink, Michael},
	booktitle={Proceedings of the 2018 ACM MM},
	pages={1616--1624},
	year={2018}
}

@inproceedings{van2018empirical,
	title={Empirical Study for Dynamic Adaptive Video Streaming Service Based on Google Transport {QUIC} Protocol},
	author={Van, TONG and Tran, Hai Anh and Souihi, Sami and Mellouk, Abdelhamid},
	booktitle={Proceedings of the 43rd IEEE LCN},
	pages={343--350},
	year={2018}
}


@COMMENT{
	==========================================================
	EnDASH
	==========================================================
}
@article{TRAI_2019,
	author = { Telecom Regulatory Authority of India (TRAI)}, 
	title = {{"Highlights of Telecom Subscription Data as on 28th February, 2019"}},
	month = {Apr. 2018},
	year = {Press Release No. 27/2019},
}

@article{yue2018linkforecast,
	title={{Linkforecast}: Cellular link bandwidth prediction in LTE networks},
	author={Yue, Chaoqun and Jin, Ruofan and Suh, Kyoungwon and Qin, Yanyuan and Wang, Bing and Wei, Wei},
	journal={IEEE Trans. Mobile Computing},
	volume={17},
	number={7},
	pages={1582--1594},
	year={2018},
}

@Misc{Mobstat_2019,
	title = "{How Much Does Mobile Data Cost Around the World?}",
	howpublished = {https://howmuch.net/articles/the-price-of-mobile-internet-worldwide-2019},
	year = {2019},
}
@Techreport{CISCO2019,
	author = "Cisco",
	title = "{Cisco Visual Networking Index: Global Mobile Data Traffic Forecast Update, 2017-2022}",
	year = 2019,
}
@Techreport{GSMA2018,
	author = "GSMA Intelligence",
	title = "{State of Mobile Internet connectivity}",
	year = 2018,
}
%%Put one just for reference
@misc{Tier23_2018,
	title = "{ 2018: A year of large-format digital shows and tier-II \& III audience}",
	howpublished = {\url{https://www.exchange4media.com/digital-news/2018-a-year-of-large-format-digital-shows-and-tier-ii-and-iii-audience-93724.html}},
	note = {December 31, 2018}
}

@inproceedings{Huang2012,
	author = {Huang, Junxian and Qian, Feng and Gerber, Alexandre and Mao, Z. Morley and Sen, Subhabrata and Spatscheck, Oliver},
	title = "{A Close Examination of Performance and Power Characteristics of 4G LTE Networks}",
	booktitle = {  ACM Mobisys},
	year = {2012},
	pages = {225--238},
} 
@INPROCEEDINGS{Mushtaq2017,
	author={M. S. {Mushtaq} and S. {Fowler} and A. {Mellouk}},
	booktitle={  IEEE ICC},
	title="{Power saving model for mobile device and virtual base station in the 5G era}",
	year={2017},
	volume={},
	number={},
	pages={1-6},
}

@ARTICLE{Yang2018,
	author={Y. {Yang} and G. {Cao}},
	journal={IEEE Trans. Wireless Commun.},
	title="{Prefetch-Based Energy Optimization on Smartphones}",
	year={2018},
	volume={17},
	number={1},
	pages={693-706},
}

@article{Zhang2018M,
	author = {Zhang, Jingyu and Wang, Zhi-Jie and Guo, Song and Yang, Dingyu and Fang, Gan and Peng, Chunyi and Guo, Minyi},
	title = "{Power Consumption Analysis of Video Streaming in 4G LTE Networks}",
	journal = {Wirel. Netw.},
	volume = {24},
	number = {8},
	year = {2018},
	pages = {3083--3098},
}
@article{Xie2016,
	author = {Xie, Xiufeng and Zhang, Xinyu and Kumar, Swarun and Li, Li Erran},
	title = "{piStream: Physical Layer Informed Adaptive Video Streaming Over LTE}",
	journal = {GetMobile: Mobile Comp. and Comm.},
	issue_date = {April 2016},
	volume = {20},
	number = {2},
	year = {2016},
	issn = {2375-0529},
	pages = {31--34},
	numpages = {4},
	url = {http://doi.acm.org/10.1145/3009808.3009819},
	doi = {10.1145/3009808.3009819},
	acmid = {3009819},
	publisher = {ACM},
	address = {New York, NY, USA},
} 

@article{Cao2017,
	author = {Cao, Yi and Nejati, Javad and Wajahat, Muhammad and Balasubramanian, Aruna and Gandhi, Anshul},
	title = "{Deconstructing the Energy Consumption of the Mobile Page Load}",
	journal = {  ACM MACS},
	volume = {1},
	number = {1},
	year = {2017},
	pages = {6:1--6:25},
} 
@ARTICLE{Li2018,
	author={Y. {Li} and Y. {Wang} and T. {Lan}},
	journal={IEEE Trans. Mobile Comp., \textit{Early Access}},
	title="{Mobile Ad Prefetching and Energy Optimization via Tail Energy Accounting}",
	year={2019},
	volume={},
	number={},
}

@INPROCEEDINGS{Zhang2016,
	author={ Jingyu Zhang and Gan Fang and Minyi Guo and Chunyi Peng },
	booktitle={  IEEE  WoWMoM},
	title="{How video streaming consumes power in 4G LTE networks}",
	year={2016},
	volume={},
	number={},
	pages={1-3},
}

@article{Ding2013,
	author = {Ding, Ning and Wagner, Daniel and Chen, Xiaomeng and Pathak, Abhinav and Hu, Y. Charlie and Rice, Andrew},
	title = "{Characterizing and Modeling the Impact of Wireless Signal Strength on Smartphone Battery Drain}",
	journal = {ACM SIGMETRICS Perform. Eval. Rev.},
	volume = {41},
	number = {1},
	year = {2013},
	pages = {29--40},
} 
@inproceedings{Dasari2018,
	author = {Dasari, Mallesham and Vargas, Santiago and Bhattacharya, Arani and Balasubramanian, Aruna and Das, Samir R. and Ferdman, Michael},
	title = "{Impact of Device Performance on Mobile Internet QoE}",
	booktitle = {  ACM IMC},
	year = {2018},
	pages = {1--7},
} 
@inproceedings{Balasubramanian2009,
	author = {Balasubramanian, Niranjan and Balasubramanian, Aruna and Venkataramani, Arun},
	title = "{Energy Consumption in Mobile Phones: A Measurement Study and Implications for Network Applications}",
	booktitle = {  ACM IMC},
	year = {2009},
	pages = {280--293},
} 
@inproceedings{Deng2018,
	author = {Deng, Haotian and Peng, Chunyi and Fida, Ans and Meng, Jiayi and Hu, Y. Charlie},
	title = "{Mobility Support in Cellular Networks: A Measurement Study on Its Configurations and Implications}",
	booktitle = {  ACM IMC},
	year = {2018},
	pages = {147--160},
}

@article{Zhang2018,
	author="Zhang, Jingyu
	and Wang, Zhi-Jie
	and Quan, Zhe
	and Yin, Jian
	and Chen, Yuanyi
	and Guo, Minyi",
	title="{Optimizing power consumption of mobile devices for video streaming over 4G LTE networks}",
	journal="Springer Peer-to-Peer Netw. and Appl.",
	year="2018",
	volume="11",
	number="5",
	pages="1101--1114",
}
@INPROCEEDINGS{Qian2010,
	author={F. {Qian} and Z. {Wang} and A. {Gerber} and Z. M. {Mao} and S. {Sen} and O. {Spatscheck}},
	booktitle={  IEEE ICNP},
	title="{TOP: Tail Optimization Protocol For Cellular Radio Resource Allocation}",
	year={2010},
	volume={},
	number={},
	pages={285-294},
}

@INPROCEEDINGS{Verma2016,
	author={R. {Verma} and A. {Shrivastava} and B. {Mitra} and S. {Saha} and N. {Ganguly} and S. {Nandi} and S. {Chakraborty}},
	booktitle={IEEE INFOCOM},
	title="{UrbanEye: An outdoor localization system for public transport}",
	year={2016},
	volume={},
	number={},
	pages={1-9},}

@ARTICLE{Heath2015,
	author={A. A. {Khalek} and C. {Caramanis} and R. W. {Heath}},
	journal={IEEE JSTSP},
	title="{Delay-Constrained Video Transmission: Quality-Driven Resource Allocation and Scheduling}",
	year={2015},
	volume={9},
	number={1},
	pages={60-75},}

@ARTICLE{Chen2015,
	author={Y. {Chen} and K. {Wu} and Q. {Zhang}},
	journal={IEEE Commun. Surveys Tutorials},
	title="{From QoS to QoE: A Tutorial on Video Quality Assessment}",
	year={2015},
	volume={17},
	number={2},
	pages={1126-1165},}

@INPROCEEDINGS{Sengupta2018,
	author={S. {Sengupta} and N. {Ganguly} and S. {Chakraborty} and P. {De}},
	booktitle={  IEEE ICNP},
	title="{HotDASH: Hotspot Aware Adaptive Video Streaming Using Deep Reinforcement Learning}",
	year={2018},
	volume={},
	number={},
	pages={165-175},
}

@InProceedings{Siris2014,
	author="Siris, Vasilios A.
	and Anagnostopoulou, Maria
	and Dimopoulos, Dimitris",
	title="{Improving Mobile Video Streaming with Mobility Prediction and Prefetching in Integrated Cellular-WiFi Networks}",
	booktitle="Springer Mob. and Ubiquitous Sys.: Comp., Netw., and Services",
	year="2014",
}

@INPROCEEDINGS{Xu2015,
	author={T. {Xu} and L. {Ma}},
	booktitle={  IEEE ICIP},
	title="{Predictive prefetching for MPEG DASH over LTE networks}",
	year={2015},
	volume={},
	number={},
	pages={3432-3436},
}

@ARTICLE{Heath2012,
	author={A. {Abdel Khalek} and C. {Caramanis} and R. W. {Heath}},
	journal={IEEE JSAC},
	title="{A Cross-Layer Design for Perceptual Optimization Of H.264/SVC with Unequal Error Protection}",
	year={2012},
	volume={30},
	number={7},
	pages={1157-1171},
}

@INPROCEEDINGS{Joseph2012,
	author={V. {Joseph} and G. {de Veciana}},
	booktitle={  IEEE INFOCOM},
	title="{Jointly optimizing multi-user rate adaptation for video transport over wireless systems: Mean-fairness-variability tradeoffs}",
	year={2012},
	volume={},
	number={},
	pages={567-575},
}

@INPROCEEDINGS{Geng2015,
	author={Y. {Geng} and W. {Hu} and Y. {Yang} and W. {Gao} and G. {Cao}},
	booktitle={IEEE ICNP},
	title="{Energy-Efficient Computation Offloading in Cellular Networks}",
	year={2015},
	volume={},
	number={},
	pages={145-155},
}

@article{Oztruk2019,
	title = "{A novel deep learning driven low-cost mobility prediction approach for 5G cellular networks: The case of the Control/Data Separation Architecture (CDSA)}",
	vol = {358},
	journal = "Neurocomputing",
	year = "2019",
	author = "Metin Ozturk and Mandar Gogate and Oluwakayode Onireti and Ahsan Adeel and Amir Hussain and Muhammad A. Imran",
}
@INPROCEEDINGS{Stynes2016,
	author={D. {Stynes} and K. N. {Brown} and C. J. {Sreenan}},
	booktitle={ IEEE IWCMC},
	title="{A probabilistic approach to user mobility prediction for wireless services}",
	year={2016},
	pages={120-125},
}
@INPROCEEDINGS{Amirrudin2013,
	author={N. A. {Amirrudin} and S. H. S. {Ariffin} and N. N. N. A. {Malik} and N. E. {Ghazali}},
	booktitle={IEEE IRFMC},
	title="{User's mobility history-based mobility prediction in LTE femtocells network}",
	year={2013},
	pages={105-110},
}

@inproceedings{Raca2019,
	author = {Raca, Darijo and Zahran, Ahmed H. and Sreenan, Cormac J. and Sinha, Rakesh K. and Halepovic, Emir and Jana, Rittwik and Gopalakrishnan, Vijay and Bathula, Balagangadhar and Varvello, Matteo},
	title = "{Empowering Video Players in Cellular: Throughput Prediction from Radio Network Measurements}",
	booktitle = {ACM MMSys},
	year = {2019},
	pages = {201--212},
}
@Misc{Vidstat_2019,
	title = "{
	Video streaming market explodes thanks to Jio, 65\% consumption from rural India}",
	howpublished = {\url { https://www.thenewsminute.com/article/video-streaming-market-explodes-thanks-jio-65-consumption-rural-india-99405}},
	year = {2019},
}
@Article{ZhangJ2018,
	author="Zhang, Jingyu
	and Wang, Zhi-Jie
	and Quan, Zhe
	and Yin, Jian
	and Chen, Yuanyi
	and Guo, Minyi",
	title="{Optimizing power consumption of mobile devices for video streaming over 4G LTE networks",
	journal=" Springer Peer-to-Peer Netw. and Appn.}",
	year="2018",
	volume="11",
	pages="1101-1114",
}
@inproceedings{Akhtar2018,
	author = {Akhtar, Zahaib and Nam, Yun Seong and Govindan, Ramesh and Rao, Sanjay and Chen, Jessica and Katz-Bassett, Ethan and Ribeiro, Bruno and Zhan, Jibin and Zhang, Hui},
	title = {Oboe: Auto-Tuning Video ABR Algorithms to Network Conditions},
	year = {2018},
	isbn = {9781450355674},
	publisher = {Association for Computing Machinery},
	address = {New York, NY, USA},
	url = {https://doi.org/10.1145/3230543.3230558},
	doi = {10.1145/3230543.3230558},
	abstract = {Most content providers are interested in providing good video delivery QoE for all users, not just on average. State-of-the-art ABR algorithms like BOLA and MPC rely on parameters that are sensitive to network conditions, so may perform poorly for some users and/or videos. In this paper, we propose a technique called Oboe to auto-tune these parameters to different network conditions. Oboe pre-computes, for a given ABR algorithm, the best possible parameters for different network conditions, then dynamically adapts the parameters at run-time for the current network conditions. Using testbed experiments, we show that Oboe significantly improves BOLA, MPC, and a commercially deployed ABR. Oboe also betters a recently proposed reinforcement learning based ABR, Pensieve, by 24% on average on a composite QoE metric, in part because it is able to better specialize ABR behavior across different network states.},
	booktitle = {Proceedings of the 2018 Conference of the ACM Special Interest Group on Data Communication},
	pages = {44–58},
	numpages = {15},
	keywords = {adaptive bitrate algorithms, video delivery},
	location = {Budapest, Hungary},
	series = {SIGCOMM '18}
} 
@INPROCEEDINGS{Spiteri2016,
	author={K. {Spiteri} and R. {Urgaonkar} and R. K. {Sitaraman}},
	booktitle={IEEE INFOCOM},
	title="{BOLA: Near-optimal bitrate adaptation for online videos}",
	year={2016},
	pages={1-9},
}
@article{CISCO_2012,
	author = { CISCO}, 
	title = "{“It Came to Me in a Stream...”
	The Upward Arc of Online Video, Driven by Consumers}",
	month = {Dec.},
	year = {2012},
	howpublished = {\url { https://www.cisco.com/c/dam/en_us/about/ac79/docs/sp/Online-Video-Consumption_Consumers.pdf}},
}
@inproceedings{Carroll2010,
	author = {Carroll, Aaron and Heiser, Gernot},
	title = "{An Analysis of Power Consumption in a Smartphone}",
	booktitle = {USENIX Conf. on ATC},
	year = {2010},
	pages = {21--21},
} 
@inproceedings{Huang2014,
	author = {Huang, Te-Yuan and Johari, Ramesh and McKeown, Nick and Trunnell, Matthew and Watson, Mark},
	title = "{A Buffer-based Approach to Rate Adaptation: Evidence from a Large Video Streaming Service}",
	booktitle = {ACM SIGCOMM},
	year = {2014},
	pages = {187--198},
} 
@article{Jiang2014,
	author = {Jiang, Junchen and Sekar, Vyas and Zhang, Hui},
	title = {Improving Fairness, Efficiency, and Stability in HTTP-Based Adaptive Video Streaming With Festive},
	year = {2014},
	issue_date = {February 2014},
	publisher = {IEEE Press},
	volume = {22},
	number = {1},
	issn = {1063-6692},
	journal = {IEEE/ACM Trans. Netw.},
	month = feb,
	pages = {326–340},
	numpages = {15}
}
@INPROCEEDINGS{Lu2005,
	author={ {Dong Lu} and {Yi Qiao} and P. A. {Dinda} and F. E. {Bustamante}},
	booktitle={IEEE ICDCS},
	title="{Characterizing and Predicting TCP Throughput on the Wide Area Network}",
	year={2005},
	pages={414-424},
}
@inproceedings{Tian2012,
	author = {Tian, Guibin and Liu, Yong},
	title = "{Towards Agile and Smooth Video Adaptation in Dynamic HTTP Streaming}",
	booktitle = {ACM CoNEXT},
	year = {2012},
	pages = {109--120},
} 
@inproceedings{Raca2018_3 ,
	author = {Raca, Darijo and Zahran, Ahmed H. and Sreenan, Cormac J. and Sinha, Rakesh K. and Halepovic, Emir and Jana, Rittwik and Gopalakrishnan, Vijay and Bathula, Balagangadhar and Varvello, Matteo},
	title = "{Incorporating Prediction into Adaptive Streaming Algorithms: A QoE Perspective}",
	booktitle = {ACM NOSSDAV},
	year = {2018},
	pages = {49-54},
} 
@inproceedings{Bentaleb2019,
	author = {Bentaleb, Abdelhak and Timmerer, Christian and Begen, Ali C. and Zimmermann, Roger},
	title = "{Bandwidth Prediction in Low-latency Chunked Streaming}",
	booktitle = { ACM NOSSDAV},
	year = {2019},
	pages = {7-13},
} 

@INPROCEEDINGS{Samba2017,
	author={A. {Samba} and Y. {Busnel} and A. {Blanc} and P. {Dooze} and G. {Simon}},
	booktitle={IFIP/IEEE Symposium on INSM},
	title="{Instantaneous throughput prediction in cellular networks: Which information is needed?}",
	year={2017},
	pages={624-627},
}

@inproceedings{Raca2018_2,
	author = {Raca, Darijo and Quinlan, Jason J. and Zahran, Ahmed H. and Sreenan, Cormac J.},
	title = "{Beyond Throughput: A 4G LTE Dataset with Channel and Context Metrics}",
	booktitle = { MMSys},
	year = {2018},
	pages = {460-465},
} 
@INPROCEEDINGS{Ghasemi2018,
	author={A. {Ghasemi}},
	booktitle={IEEE Int. Symp. DySPAN}, 
	title="{Predictive Modeling of LTE User Throughput Via Crowd-Sourced Mobile Spectrum Data}",
	pages={1-5},
	year = {2018},
}
@Misc{Poor_Inf_2019_1,
	title = "{India’s got 4G everywhere. So why’s video streaming rubbish?}",
	howpublished = {\url { https://qz.com/india/1424612/indias-got-4g-all-over-so-whys-video-streaming-so-bad/}},
	month = {Oct.},
	year = {2018},
}
@Misc{Poor_Inf_2019_2,
	title = "{Still buffering: India low on 4G speed}",
	howpublished = {\url { https://economictimes.indiatimes.com/tech/internet/still-buffering-india-low-on-4g-speed/articleshow/65001463.cms?from=mdr}},
	month = {Jul.},
	year = {2018},
}
@inproceedings{Schulman2010, 
	author = {Schulman, Aaron and Navda, Vishnu and Ramjee, Ramachandran and Spring, Neil and Deshpande, Pralhad and Grunewald, Calvin and Jain, Kamal and Padmanabhan, Venkata N.},
	title = "{Bartendr: A Practical Approach to Energy-aware Cellular Data Scheduling}", 
	booktitle = {ACM MobiCom},
	year = {2010},
	pages = {85--96},
}
@inproceedings{Tsilimantos2018,
	author = {Tsilimantos, Dimitrios and Karagkioules, Theodoros and Valentin, Stefan},
	title = {Classifying Flows and Buffer State for Youtube's HTTP Adaptive Streaming Service in Mobile Networks},
	booktitle = {ACM MMSys},
	year = {2018},
	pages = {138--149},
} 
@inproceedings{Raca2017,
	author = {Raca, Darijo and Zahran, Ahmed H. and Sreenan, Cormac J. and Sinha, Rakesh K. and Halepovic, Emir and Jana, Rittwik and Gopalakrishnan, Vijay},
	title = "{Back to the Future: Throughput Prediction For Cellular Networks Using Radio KPIs}",
	booktitle = {ACM HotWireless},
	year = {2017},
	pages = {37--41},
}
@book{Stuber2001,
	author = {St\"{u}ber, Gordon L.},
	title = {Principles of Mobile Communication (2$^{text{th}}$ Ed.)},
	year = {2001},
	publisher = {Kluwer Academic Publishers},
}
@InProceedings{Volodymyr2016,
	title = 	 "{Asynchronous Methods for Deep Reinforcement Learning}",
	author = 	 {Volodymyr Mnih and Adria Puigdomenech Badia and Mehdi Mirza and Alex Graves and Timothy Lillicrap and Tim Harley and David Silver and Koray Kavukcuoglu},
	booktitle = 	 {ICML},
	pages = 	 {1928--1937},
	year = 	 {2016},
	volume = 	 {48},
	
}
@Misc{DASH2016,
	title = "{Akamai 2016 dash.js}",
	howpublished = {\url { https://www.msoon.com/lvpm-product-documentation}},
	year = {2016},
}
@inproceedings{Abadi2016,
	author = {Abadi, Mart\'{\i}n and Barham, Paul and Chen, Jianmin and Chen, Zhifeng and Davis, Andy and Dean, Jeffrey and Devin, Matthieu and Ghemawat, Sanjay and Irving, Geoffrey and Isard, Michael and Kudlur, Manjunath and Levenberg, Josh and Monga, Rajat and Moore, Sherry and Murray, Derek G. and Steiner, Benoit and Tucker, Paul and Vasudevan, Vijay and Warden, Pete and Wicke, Martin and Yu, Yuan and Zheng, Xiaoqiang},
	title = "{TensorFlow: A System for Large-scale Machine Learning}",
	booktitle = {USENIX OSDI},
	year = {2016},
	pages = {265--283},
}
@inproceedings{Xin2012,
	author = {Li, Xin and Dong, Mian and Ma, Zhan and Fernandes, Felix C.A.},
	title = "{GreenTube: Power Optimization for Mobile Videostreaming via Dynamic Cache Management}",
	year = {2012},
	isbn = {9781450310895},
	publisher = {ACM},
	booktitle = { Multimedia},
	pages = {279–288},
	
}
@INPROCEEDINGS{Mehr2019,
	author={S. K. {Mehr} and D. {Medhi}},
	booktitle={ IFIP/IEEE IM Symp.},
	title={"QoE Performance for DASH Videos in a Smart Cache Environment"},
	year={2019},
	volume={},
	number={},
	pages={388-394},
	keywords={cache storage;hypermedia;quality of experience;storage management;telecommunication traffic;video coding;video streaming;content providers;in-network caching;DASH-generated videos;cache prefetching scheme;cache entity;unused prefetches;QoE performance;DASH videos;video traffic;online video streaming;Dynamic Adaptive Streaming over HTTP;byte-hit rate;GENI testbed;video delivery latency reduction;quality of experience;Internet;smart cache environment;Throughput;Prefetching;Videos;Bit rate;Servers;Quality of experience;Bandwidth;Cache;DASH;forecasting;prefetching;QoE},
	doi={},
	ISSN={1573-0077},
	month={April},}
@INPROCEEDINGS{Khokar2019,
	author={M. J. {Khokhar} and T. {Ehlinger} and C. {Barakat}},
	booktitle={IFIP Networking},
	title="{From Network Traffic Measurements to QoE for Internet Video}",
	year={2019},
	volume={},
	number={},
	pages={1-9},
	keywords={image classification;Internet;learning (artificial intelligence);mean square error methods;quality of experience;quality of service;regression analysis;telecommunication traffic;video coding;video streaming;network traffic measurements;global Internet traffic;network providers;video traffic;machine learning;encrypted video;network level measurements;Mean Opinion Score;startup delay;classification models;ITU MOS;regression models;Internet video;video streaming;QoE metrics;quality of service;quality of experience;root mean square error;YouTube;Quality of Experience;Network Quality of Service;Controlled Experimentation},
	doi={10.23919/IFIPNetworking.2019.8816854},
	ISSN={1861-2288},
	month={May},}

@COMMENT{
	==========================================================
	SpDASH
	==========================================================
}

@article{TRAI_2019,
	author = {Telecom Regulatory Authority of India (TRAI)}, 
	title = {{"Highlights of Telecom Subscription Data as on 28th February, 2019"}},
	month = {Apr. 2018},
	year = {Press Release No. 27/2019},
}
@Techreport{GSMA2018,
	author = "GSMA Intelligence",
	title = "{State of Mobile Internet connectivity}",
	year = 2018,
}
%%Put one just for reference
@misc{Tier23_2018,
	title = "{2018: A year of large-format digital shows and tier-II \& III audience}",
	howpublished = "{\url{https://www.exchange4media.com/digital-news/2018-a-year-of-large-format-digital-shows-and-tier-ii-and-iii-audience-93724.html}}",
	note = {December 31, 2018}
}

@INPROCEEDINGS{Mushtaq2017,
	author={M. S. {Mushtaq} and S. {Fowler} and A. {Mellouk}},
	booktitle={  IEEE ICC},
	title="{Power saving model for mobile device and virtual base station in the 5G era}",
	year={2017},
	volume={},
	number={},
	pages={1-6},
}

@article{Xie2016,
	author = {Xie, Xiufeng and Zhang, Xinyu and Kumar, Swarun and Li, Li Erran},
	title = "{piStream: Physical Layer Informed Adaptive Video Streaming Over LTE}",
	journal = {GetMobile: Mobile Comp. and Comm.},
	issue_date = {April 2016},
	volume = {20},
	number = {2},
	year = {2016},
	issn = {2375-0529},
	pages = {31--34},
	numpages = {4},
	url = {http://doi.acm.org/10.1145/3009808.3009819},
	doi = {10.1145/3009808.3009819},
	acmid = {3009819},
	publisher = {ACM},
	address = {New York, NY, USA},
} 

@article{Cao2017,
	author = {Cao, Yi and Nejati, Javad and Wajahat, Muhammad and Balasubramanian, Aruna and Gandhi, Anshul},
	title = "{Deconstructing the Energy Consumption of the Mobile Page Load}",
	journal = {  ACM MACS},
	volume = {1},
	number = {1},
	year = {2017},
	pages = {6:1--6:25},
} 
@ARTICLE{Li2018,
	author={Y. {Li} and Y. {Wang} and T. {Lan}},
	journal={IEEE Trans. Mobile Comp., \textit{Early Access}},
	title="{Mobile Ad Prefetching and Energy Optimization via Tail Energy Accounting}",
	year={2019},
	volume={},
	number={},
}

@article{Ding2013,
	author = {Ding, Ning and Wagner, Daniel and Chen, Xiaomeng and Pathak, Abhinav and Hu, Y. Charlie and Rice, Andrew},
	title = "{Characterizing and Modeling the Impact of Wireless Signal Strength on Smartphone Battery Drain}",
	journal = {ACM SIGMETRICS Perform. Eval. Rev.},
	volume = {41},
	number = {1},
	year = {2013},
	pages = {29--40},
} 
@inproceedings{Dasari2018,
	author = {Dasari, Mallesham and Vargas, Santiago and Bhattacharya, Arani and Balasubramanian, Aruna and Das, Samir R. and Ferdman, Michael},
	title = "{Impact of Device Performance on Mobile Internet QoE}",
	booktitle = {  ACM IMC},
	year = {2018},
	pages = {1--7},
} 
@inproceedings{Balasubramanian2009,
	author = {Balasubramanian, Niranjan and Balasubramanian, Aruna and Venkataramani, Arun},
	title = "{Energy Consumption in Mobile Phones: A Measurement Study and Implications for Network Applications}",
	booktitle = {  ACM IMC},
	year = {2009},
	pages = {280--293},
}

@inproceedings{Zhang2016DASH,
	author = {Zhang, Jingyu and Fang, Gan and Peng, Chunyi and Guo, Minyi and Wei, Sheng and Swaminathan, Viswanathan},
	title = "{Profiling Energy Consumption of DASH Video Streaming over 4G LTE Networks}",
	booktitle = {ACM Movid},
	year = {2016},
	pages = {3:1--3:6},
}
@article{Zhang2018,
	author="Zhang, Jingyu
	and Wang, Zhi-Jie
	and Quan, Zhe
	and Yin, Jian
	and Chen, Yuanyi
	and Guo, Minyi",
	title="{Optimizing power consumption of mobile devices for video streaming over 4G LTE networks}",
	journal="Springer Peer-to-Peer Netw. and Appl.",
	year="2018",
	volume="11",
	number="5",
	pages="1101--1114",
}
@INPROCEEDINGS{Qian2010,
	author={F. {Qian} and Z. {Wang} and A. {Gerber} and Z. M. {Mao} and S. {Sen} and O. {Spatscheck}},
	booktitle={  IEEE ICNP},
	title="{TOP: Tail Optimization Protocol For Cellular Radio Resource Allocation}",
	year={2010},
	volume={},
	number={},
	pages={285-294},
}

@INPROCEEDINGS{Verma2016,
	author={R. {Verma} and A. {Shrivastava} and B. {Mitra} and S. {Saha} and N. {Ganguly} and S. {Nandi} and S. {Chakraborty}},
	booktitle={IEEE INFOCOM},
	title="{UrbanEye: An outdoor localization system for public transport}",
	year={2016},
	volume={},
	number={},
	pages={1-9},
}

@ARTICLE{Heath2015,
	author={A. A. {Khalek} and C. {Caramanis} and R. W. {Heath}},
	journal={IEEE JSTSP},
	title="{Delay-Constrained Video Transmission: Quality-Driven Resource Allocation and Scheduling}",
	year={2015},
	volume={9},
	number={1},
	pages={60-75},
}

@ARTICLE{Chen2015,
	author={Y. {Chen} and K. {Wu} and Q. {Zhang}},
	journal={IEEE Commun. Surveys Tutorials},
	title="{From QoS to QoE: A Tutorial on Video Quality Assessment}",
	year={2015},
	volume={17},
	number={2},
	pages={1126-1165},
}

@InProceedings{Siris2014,
	author="Siris, Vasilios A.
	and Anagnostopoulou, Maria
	and Dimopoulos, Dimitris",
	title="{Improving Mobile Video Streaming with Mobility Prediction and Prefetching in Integrated Cellular-WiFi Networks}",
	booktitle="Springer Mob. and Ubiquitous Sys.: Comp., Netw., and Services",
	year="2014",
}

@ARTICLE{Heath2012,
	author={A. {Abdel Khalek} and C. {Caramanis} and R. W. {Heath}},
	journal={IEEE JSAC},
	title="{A Cross-Layer Design for Perceptual Optimization Of H.264/SVC with Unequal Error Protection}",
	year={2012},
	volume={30},
	number={7},
	pages={1157-1171},
}


@INPROCEEDINGS{Joseph2012,
	author={V. {Joseph} and G. {de Veciana}},
	booktitle={  IEEE INFOCOM},
	title="{Jointly optimizing multi-user rate adaptation for video transport over wireless systems: Mean-fairness-variability tradeoffs}",
	year={2012},
	volume={},
	number={},
	pages={567-575},
}

@article{Oztruk2019,
	title = "{A novel deep learning driven low-cost mobility prediction approach for 5G cellular networks: The case of the Control/Data Separation Architecture (CDSA)}",
	vol = {358},
	journal = "Neurocomputing",
	year = "2019",
	author = "Metin Ozturk and Mandar Gogate and Oluwakayode Onireti and Ahsan Adeel and Amir Hussain and Muhammad A. Imran",
}
@INPROCEEDINGS{Stynes2016,
	author={D. {Stynes} and K. N. {Brown} and C. J. {Sreenan}},
	booktitle={ IEEE IWCMC},
	title="{A probabilistic approach to user mobility prediction for wireless services}",
	year={2016},
	pages={120-125},
}
@INPROCEEDINGS{Amirrudin2013,
	author={N. A. {Amirrudin} and S. H. S. {Ariffin} and N. N. N. A. {Malik} and N. E. {Ghazali}},
	booktitle={IEEE IRFMC},
	title="{User's mobility history-based mobility prediction in LTE femtocells network}",
	year={2013},
	pages={105-110},
}
@inproceedings{Stockhammer2011,
	author = {Stockhammer, Thomas},
	title = "{Dynamic Adaptive Streaming over HTTP --: Standards and Design Principles}",
	booktitle = {ACM MMSys},
	year = {2011},
	pages = {133--144},
}
@inproceedings{Mao2017,
	author = {Mao, Hongzi and Netravali, Ravi and Alizadeh, Mohammad},
	title = "{Neural Adaptive Video Streaming with Pensieve}",
	booktitle = {ACM SIGCOMM},
	year = {2017},
	pages = {197--210},
} 
@Misc{Vidstat_2019,
	title = "{Video streaming market explodes thanks to Jio, 65\% consumption from rural India}",
	howpublished = {\url { "https://www.thenewsminute.com/article/video-streaming-market-explodes-thanks-jio-65-consumption-rural-india-99405"}},
	year = {2019},
}
@Article{ZhangJ2018,
	author="Zhang, Jingyu
	and Wang, Zhi-Jie
	and Quan, Zhe
	and Yin, Jian
	and Chen, Yuanyi
	and Guo, Minyi",
	title="{Optimizing power consumption of mobile devices for video streaming over 4G LTE networks",
	journal=" Springer Peer-to-Peer Netw. and Appn.}",
	year="2018",
	volume="11",
	pages="1101-1114",
}

@article{CISCO_2012,
	author = { CISCO}, 
	title = "{“It Came to Me in a Stream...”The Upward Arc of Online Video, Driven by Consumers}",
	month = {Dec.},
	year = {2012},
	howpublished = {\url {"https://www.cisco.com/c/dam/en_us/about/ac79/docs/sp/Online-Video-Consumption_Consumers.pdf"}},
}
@inproceedings{Carroll2010,
	author = {Carroll, Aaron and Heiser, Gernot},
	title = "{An Analysis of Power Consumption in a Smartphone}",
	booktitle = {USENIX Conf. on ATC},
	year = {2010},
	pages = {21--21},
} 

@INPROCEEDINGS{Lu2005,
	author={ {Dong Lu} and {Yi Qiao} and P. A. {Dinda} and F. E. {Bustamante}},
	booktitle={IEEE ICDCS},
	title="{Characterizing and Predicting TCP Throughput on the Wide Area Network}",
	year={2005},
	pages={414-424},
}
@inproceedings{Tian2012,
	author = {Tian, Guibin and Liu, Yong},
	title = "{Towards Agile and Smooth Video Adaptation in Dynamic HTTP Streaming}",
	booktitle = {ACM CoNEXT},
	year = {2012},
	pages = {109--120},
}

@Misc{Poor_Inf_2019_1,
	title = "{India’s got 4G everywhere. So why’s video streaming rubbish?}",
	howpublished = {\url { "https://qz.com/india/1424612/indias-got-4g-all-over-so-whys-video-streaming-so-bad/"}},
	month = {Oct.},
	year = {2018},
}

@Misc{HVPM,
	title = "{High Voltage Power Monitor}",
	howpublished = {\url{"https://www.msoon.com/high-voltage-power-monitor"}},
}

@Misc{LVPM,
	title = "{Low Voltage Power Monitor}",
	howpublished = {\url{"https://www.msoon.com/lvpm-product-documentation"}},
}

@inproceedings{Tsilimantos2018,
	author = {Tsilimantos, Dimitrios and Karagkioules, Theodoros and Valentin, Stefan},
	title = "{Classifying Flows and Buffer State for Youtube's HTTP Adaptive Streaming Service in Mobile Networks}",
	booktitle = {ACM MMSys},
	year = {2018},
	pages = {138--149},
}

@InProceedings{Volodymyr2016,
	title = 	 "{Asynchronous Methods for Deep Reinforcement Learning}",
	author = 	 {Volodymyr Mnih and Adria Puigdomenech Badia and Mehdi Mirza and Alex Graves and Timothy Lillicrap and Tim Harley and David Silver and Koray Kavukcuoglu},
	booktitle = 	 {ICML},
	pages = 	 {1928--1937},
	year = 	 {2016},
	volume = 	 {48},
	
}

@INPROCEEDINGS{8816854,
	author={M. J. {Khokhar} and T. {Ehlinger} and C. {Barakat}},
	booktitle={2019 IFIP Networking Conference (IFIP Networking)},
	title={From Network Traffic Measurements to QoE for Internet Video},
	year={2019},
	volume={},
	number={},
	pages={1-9},
	keywords={image classification;Internet;learning (artificial intelligence);mean square error methods;quality of experience;quality of service;regression analysis;telecommunication traffic;video coding;video streaming;network traffic measurements;global Internet traffic;network providers;video traffic;machine learning;encrypted video;network level measurements;Mean Opinion Score;startup delay;classification models;ITU MOS;regression models;Internet video;video streaming;QoE metrics;quality of service;quality of experience;root mean square error;YouTube;Quality of Experience;Network Quality of Service;Controlled Experimentation},
	doi={10.23919/IFIPNetworking.2019.8816854},
	ISSN={1861-2288},
	month={May},}

@inproceedings{Sherry2012,
	author = {Sherry, Justine and Hasan, Shaddi and Scott, Colin and Krishnamurthy, Arvind and Ratnasamy, Sylvia and Sekar, Vyas},
	title = {Making Middleboxes Someone Else’s Problem: Network Processing as a Cloud Service},
	year = {2012},
	isbn = {9781450314190},
	publisher = {Association for Computing Machinery},
	address = {New York, NY, USA},
	url = {https://doi.org/10.1145/2342356.2342359},
	doi = {10.1145/2342356.2342359},
	booktitle = {Proceedings of the ACM SIGCOMM 2012 Conference on Applications, Technologies, Architectures, and Protocols for Computer Communication},
	pages = {13–24},
	numpages = {12},
	keywords = {outsourcing, middlebox, cloud},
	location = {Helsinki, Finland},
	series = {SIGCOMM ’12}
}

@inproceedings{Zou2015,
	author = {Zou, Xuan Kelvin and Erman, Jeffrey and Gopalakrishnan, Vijay and Halepovic, Emir and Jana, Rittwik and Jin, Xin and Rexford, Jennifer and Sinha, Rakesh K.},
	title = {Can Accurate Predictions Improve Video Streaming in Cellular Networks?},
	year = {2015},
	isbn = {9781450333917},
	publisher = {Association for Computing Machinery},
	address = {New York, NY, USA},
	url = {https://doi.org/10.1145/2699343.2699359},
	doi = {10.1145/2699343.2699359},
	booktitle = {Proceedings of the 16th International Workshop on Mobile Computing Systems and Applications},
	pages = {57–62},
	numpages = {6},
	keywords = {design, cellular, prediction, http, dash, adaptation, video streaming, algorithm, performance},
	location = {Santa Fe, New Mexico, USA},
	series = {HotMobile ’15}
}

@inproceedings{Huang2018,
	author = {Huang, Tianchi and Zhang, Rui-Xiao and Zhou, Chao and Sun, Lifeng},
	title = {QARC: Video Quality Aware Rate Control for Real-Time Video Streaming Based on Deep Reinforcement Learning},
	year = {2018},
	isbn = {9781450356657},
	publisher = {Association for Computing Machinery},
	address = {New York, NY, USA},
	url = {https://doi.org/10.1145/3240508.3240545},
	doi = {10.1145/3240508.3240545},
	booktitle = {Proceedings of the 26th ACM International Conference on Multimedia},
	pages = {1208–1216},
	numpages = {9},
	keywords = {deep reinforcement learning, rate control, video quality},
	location = {Seoul, Republic of Korea},
	series = {MM ’18}
}

@ARTICLE{Qin2019,
	author={Y. {Qin} and R. {Jin} and S. {Hao} and K. R. {Pattipati} and F. {Qian} and S. {Sen} and C. {Yue} and B. {Wang}},
	journal={IEEE Transactions on Mobile Computing}, 
	title={A Control Theoretic Approach to ABR Video Streaming: A Fresh Look at PID-based Rate Adaptation}, 
	year={2019},
	volume={},
	number={},	
	pages={1-1},}

@inproceedings{Qin2018,
	author = {Qin, Yanyuan and Hao, Shuai and Pattipati, K. R. and Qian, Feng and Sen, Subhabrata and Wang, Bing and Yue, Chaoqun},
	title = {ABR Streaming of VBR-Encoded Videos: Characterization, Challenges, and Solutions},
	year = {2018},
	isbn = {9781450360807},
	publisher = {Association for Computing Machinery},
	address = {New York, NY, USA},
	url = {https://doi.org/10.1145/3281411.3281439},
	doi = {10.1145/3281411.3281439},
	booktitle = {Proceedings of the 14th International Conference on Emerging Networking EXperiments and Technologies},
	pages = {366–378},
	numpages = {13},
	keywords = {DASH, adaptive video streaming, VBR videos},
	location = {Heraklion, Greece},
	series = {CoNEXT ’18}
}

@INPROCEEDINGS{Huo2019,
	author={L. {Huo} and Z. {Wang} and M. {Xu} and Z. {Ding} and X. {Tao}},
	booktitle={ICASSP 2019 - 2019 IEEE International Conference on Acoustics, Speech and Signal Processing (ICASSP)}, 
	title={Optimizing QoE of Multiple Users over DASH: A Meta-learning Approach}, 
	year={2019},
	volume={},
	number={},	
	pages={3032-3036},}

@INPROCEEDINGS{Huang2019, 
	author={T. {Huang} and X. {Yao} and C. {Wu} and R. {Zhang} and Z. {Pang} and L. {Sun}},  
	booktitle={2019 IEEE International Conference on Multimedia and Expo (ICME)},   
	title={Tiyuntsong: A Self-Play Reinforcement Learning Approach for ABR Video Streaming},   
	year={2019},  
	volume={},  
	number={},  
	pages={1678-1683},
}

@ARTICLE{Bampis2018, 
	author={C. G. {Bampis} and Z. {Li} and I. {Katsavounidis} and A. C. {Bovik}},  
	journal={IEEE Transactions on Image Processing}, 
	title={Recurrent and Dynamic Models for Predicting Streaming Video Quality of Experience}, 
	year={2018}, 
	volume={27},
	number={7}, 
	pages={3316-3331},
}

@INPROCEEDINGS{Alt2019,
	author={B. {Alt} and T. {Ballard} and R. {Steinmetz} and H. {Koeppl} and A. {Rizk}},
	booktitle={IEEE INFOCOM 2019 - IEEE Conference on Computer Communications}, 
	title={CBA: Contextual Quality Adaptation for Adaptive Bitrate Video Streaming}, 
	year={2019},
	volume={},
	number={},
	pages={1000-1008},
	doi={10.1109/INFOCOM.2019.8737418},
	ISSN={2641-9874},
	month={April},
}

@ARTICLE{Guo2019,
	author={Y. {Guo} and F. R. {Yu} and J. {An} and K. {Yang} and C. {Yu} and V. C. M. {Leung}},
	journal={IEEE Transactions on Vehicular Technology}, 
	title={Adaptive Bitrate Streaming in Wireless Networks With Transcoding at Network Edge Using Deep Reinforcement Learning}, 
	year={2020},
	volume={69},
	number={4},
	pages={3879-3892},}

@INPROCEEDINGS{Gaballo2019,
	author={A. {Gaballo} and M. {Flocco} and F. {Esposito} and G. {Marchetto}},
	booktitle={2019 4th International Conference on Computing, Communications and Security (ICCCS)}, 
	title={ADELE: An Architecture for Steering Traffic and Computations via Deep Learning in Challenged Edge Networks}, 
	year={2019},
	volume={},
	number={},	
	pages={1-8},}

@Misc{FCC2016,
	title = "{Federal Communications Commission. 2016. Raw Data - Measuring BroadbandAmerica.}",
	howpublished = {\url { " https://www.fcc.gov/reports-research/reports/measuring-broadband-america/raw-data-measuring-broadband-america-2016}},
	month = {},
	year = {2016},
}

@COMMENT{
	==========================================================
	FLiDASH
	==========================================================
}

@inproceedings{ASDataSet,
	author = {Leskovec, Jure and Kleinberg, Jon and Faloutsos, Christos},
	title = {Graphs over Time: Densification Laws, Shrinking Diameters and Possible Explanations},
	booktitle = {ACM SIGKDD},
	year = {2005},
	pages = {177--187},
	numpages = {11},
}

@article{zhang2012survey,
	title={A survey of peer-to-peer live video streaming schemes--an algorithmic perspective},
	author={Zhang, Xiangyang and Hassanein, Hossam},
	journal={Computer Networks},
	volume={56},
	number={15},
	pages={3548--3579},
	year={2012},
	publisher={Elsevier}
}

@inproceedings{payberah2012clive,
	title={Clive: Cloud-assisted p2p live streaming},
	author={Payberah, Amir H and Kavalionak, Hanna and Kumaresan, Vimalkumar and Montresor, Alberto and Haridi, Seif},
	booktitle={IEEE P2P},
	pages={79--90},
	year={2012}
}

@article{wang2014migration,
	title={Migration towards cloud-assisted live media streaming},
	author={Wang, Feng and Liu, Jiangchuan and Chen, Minghua and Wang, Haiyang},
	journal={IEEE/ACM Transactions on networking},
	volume={24},
	number={1},
	pages={272--282},
	year={2014},
	publisher={IEEE}
}

@inproceedings{detti2016tracker,
	title={Tracker-assisted rate adaptation for {MPEG DASH} live streaming},
	author={Detti, Andrea and Ricci, Bruno and Blefari-Melazzi, Nicola},
	booktitle={IEEE INFOCOM},
	pages={1--9},
	year={2016}
}

@inproceedings{abedini2013realtime,
	title={Realtime streaming with guaranteed {QoS} over wireless {D2D} networks},
	author={Abedini, Navid and Sampath, Swetha and Bhattacharyya, Rajarshi and Paul, Suman and Shakkottai, Srinivas},
	booktitle={ACM MobiHOC},
	pages={197--206},
	year={2013}
}

@article{kim2015quality,
	title={Quality-aware streaming and scheduling for device-to-device video delivery},
	author={Kim, Joongheon and Caire, Giuseppe and Molisch, Andreas F},
	journal={IEEE/ACM ToN},
	volume={24},
	number={4},
	pages={2319--2331},
	year={2015},
	publisher={IEEE}
}

@article{gao2018multi,
	title={Multi-user cooperative mobile video streaming: Performance analysis and online mechanism design},
	author={Gao, Lin and Tang, Ming and Pang, Haitian and Huang, Jianwei and Sun, Lifeng},
	journal={IEEE TMC},
	volume={18},
	number={2},
	pages={376--389},
	year={2018},
	publisher={IEEE}
}

@inproceedings{wei2014low,
	title={Low latency live video streaming over {HTTP} 2.0},
	author={Wei, Sheng and Swaminathan, Viswanathan},
	booktitle={ACM NOSSDAV},
	pages={37},
	year={2014},
}

@inproceedings{pires2014dash,
	title={Dash in twitch: Adaptive bitrate streaming in live game streaming platforms},
	author={Pires, Karine and Simon, Gwendal},
	booktitle={ACM VideoNext},
	pages={13--18},
	year={2014},
}

@article{sodagar2011mpeg,
	title={The mpeg-dash standard for multimedia streaming over the internet},
	author={Sodagar, Iraj},
	journal={IEEE multimedia},
	volume={18},
	number={4},
	pages={62--67},
	year={2011},
}

@inproceedings{tang2016meerkat,
	title={Meerkat and periscope: I stream, you stream, apps stream for live streams},
	author={Tang, John C and Venolia, Gina and Inkpen, Kori M},
	booktitle={ACM CHI},
	pages={4770--4780},
	year={2016},
}

@inproceedings{wang2016anatomy,
	title={Anatomy of a personalized livestreaming system},
	author={Wang, Bolun and Zhang, Xinyi and Wang, Gang and Zheng, Haitao and Zhao, Ben Y},
	booktitle={ACM IMC},
	pages={485--498},
	year={2016},
}

@inproceedings{huang2012confused,
	title={Confused, timid, and unstable: picking a video streaming rate is hard},
	author={Huang, Te-Yuan and Handigol, Nikhil and Heller, Brandon and McKeown, Nick and Johari, Ramesh},
	booktitle={ACM IMC},
	pages={225--238},
	year={2012},
}

@inproceedings{roverso2013http,
	title={On {HTTP} live streaming in large enterprises},
	author={Roverso, Roberto and El-Ansary, Sameh and H{\"o}gqvist, Mikael},
	booktitle={ACM SIGCOMM Computer Communication Review},
	volume={43},
	number={4},
	pages={489--490},
	year={2013},
}

@inproceedings{maier2009dominant,
	title={On dominant characteristics of residential broadband internet traffic},
	author={Maier, Gregor and Feldmann, Anja and Paxson, Vern and Allman, Mark},
	booktitle={ACM IMC},
	pages={90--102},
	year={2009},
}

@inproceedings{trevisan2018five,
	title={Five years at the edge: watching internet from the ISP network},
	author={Trevisan, Martino and Giordano, Danilo and Drago, Idilio and Mellia, Marco and Munafo, Maurizio},
	booktitle={ACM CoNEXT},
	pages={1--12},
	year={2018},
}

@inproceedings{khalid2019sdn,
	title={An {SDN}-based device-aware live video service for inter-domain adaptive bitrate streaming},
	author={Khalid, Ahmed and Zahran, Ahmed H and Sreenan, Cormac J},
	booktitle={ACM MMSys},
	pages={121--132},
	year={2019},
}

@article{yan2018understanding,
	title={On the understanding of video streaming viewing behaviors across different content providers},
	author={Yan, Huan and Lin, Tzu-Heng and Gao, Chuhan and Li, Yong and Jin, Depeng},
	journal={IEEE TNSM},
	volume={15},
	number={1},
	pages={444--457},
	year={2018},
	publisher={IEEE}
}

@inproceedings{da2018muslin,
	title={{MUSLIN} demo: high {QoE} fair multi-source live streaming},
	author={Da Silva, Simon and Bruneau-Queyreix, Joachim and Lacaud, Mathias and N{\'e}gru, Daniel and R{\'e}veill{\`e}re, Laurent},
	booktitle={ACM MMSys},
	pages={529--532},
	year={2018},
}

@article{spiteri2019theory,
	title={From theory to practice: Improving bitrate adaptation in the {DASH} reference player},
	author={Spiteri, Kevin and Sitaraman, Ramesh and Sparacio, Daniel},
	journal={ACM TOMM },
	volume={15},
	number={2s},
	pages={67},
	year={2019},
	publisher={ACM}
}

@article{bruneau2018pms,
	title={{PMS}: A Novel Scale-Adaptive and Quality-Adaptive Hybrid {P2P}/Multisource Solution for Live Streaming},
	author={Bruneau-Queyreix, Joachim and Batalla, Jordi Mongay and Lacaud, Mathias and Negru, Daniel},
	journal={ACM TOMM},
	volume={14},
	number={2s},
	pages={35},
	year={2018},
	publisher={ACM}
}

@article{yan2018spatial,
	title={Spatial popularity and similarity of watching videos in large-scale urban environment},
	author={Yan, Huan and Liu, Jiaqiang and Li, Yong and Jin, Depeng and Chen, Sheng},
	journal={IEEE TNSM},
	volume={15},
	number={2},
	pages={797--810},
	year={2018},
	publisher={IEEE}
}

@inproceedings{li2015user,
	title={User behavior characterization of a large-scale mobile live streaming system},
	author={Li, Zhenyu and Xie, Gaogang and Kaafar, Mohamed Ali and Salamatian, Kave},
	booktitle={WWW},
	pages={307--313},
	year={2015}
}

@inproceedings{cherkasova2002characterizing,
	title={Characterizing locality, evolution, and life span of accesses in enterprise media server workloads},
	author={Cherkasova, Ludmila and Gupta, Minaxi},
	booktitle={ACM NOSSDAV},
	pages={33--42},
	year={2002},
}

@article{le2016microcast,
	title={{MicroCast}: Cooperative video streaming using cellular and local connections},
	author={Le, Anh and Keller, Lorenzo and Seferoglu, Hulya and Cici, Blerim and Fragouli, Christina and Markopoulou, Athina},
	journal={IEEE/ACM ToN},
	volume={24},
	number={5},
	pages={2983--2999},
	year={2016},
	publisher={IEEE Press}
}

@inproceedings{jahed2016scalable,
	title={Scalable multimedia streaming in wireless networks with device-to-device cooperation},
	author={Jahed, Karim and Sharafeddine, Sanaa and Moussawi, Abdallah and Abou Daya, Abbas and Dbouk, Hassan and Kassir, Saadallah and Dawy, Zaher and Valsalan, Preethi and Cherif, Wael and Filali, Fethi},
	booktitle={ACM MM},
	pages={762--764},
	year={2016},
}

@article{alimi2014application,
	title={Application-layer traffic optimization ({ALTO}) protocol},
	author={Alimi, Richard and Penno, R and Yang, Y and Kiesel, S and Previdi, S and Roome, W and Shalunov, S and Woundy, R},
	journal={RFC 7285},
	year={2014}
}

@misc{rfc5389_stun,
	series =	{Request for Comments},
	number =	5389,
	howpublished =	{RFC 5389},
	publisher =	{RFC Editor},
	doi =		{10.17487/RFC5389},
	url =		{https://rfc-editor.org/rfc/rfc5389.txt},
	author =	{Philip Matthews and Jonathan Rosenberg and Dan Wing and Rohan Mahy},
	title =		{{Session Traversal Utilities for NAT (STUN)}},
	pagetotal =	51,
	year =		2008,
	month =		oct,
}

@misc{rfc5766_turn,
	series =	{Request for Comments},
	number =	5766,
	howpublished =	{RFC 5766},
	publisher =	{RFC Editor},
	doi =		{10.17487/RFC5766},
	url =		{https://rfc-editor.org/rfc/rfc5766.txt},
	author =	{Philip Matthews and Jonathan Rosenberg and Rohan Mahy},
	title =		{{Traversal Using Relays around NAT (TURN): Relay Extensions to Session Traversal Utilities for NAT (STUN)}},
	pagetotal =	67,
	year =		2010,
	month =		apr
}


@article{bajpai2017measuring,
	title={Measuring YouTube content delivery over {IPv6}},
	author={Bajpai, Vaibhav and Ahsan, Saba and Sch{\"o}nw{\"a}lder, J{\"u}rgen and Ott, J{\"o}rg},
	journal={ACM SIGCOMM Computer Communication Review},
	volume={47},
	number={5},
	pages={2--11},
	year={2017},
	publisher={ACM New York, NY, USA}
}

@inproceedings{zinner2017comparison,
	title={Comparison of the initial delay for video playout start for different {HTTP}-based transport protocols},
	author={Zinner, Thomas and Geissler, Stefan and Helmschrott, Fabian and Burger, Valentin},
	booktitle={IEEE IM},
	pages={1027--1030},
	year={2017}
}

@article{cheng2012coordinate,
	title={Coordinate live streaming and storage sharing for social media content distribution},
	author={Cheng, Xu and Liu, Jiangchuan and Wang, Haiyang and Wang, Chonggang},
	journal={IEEE Transactions on Multimedia},
	volume={14},
	number={6},
	pages={1558--1565},
	year={2012},
	publisher={IEEE}
}

@article{saleh2016performance,
	title={Performance analysis of network-coding-based {P2P} live streaming systems},
	author={Saleh, Bassel and Qiu, Dongyu and Saleh, Bassel and Qiu, Dongyu},
	journal={IEEE/ACM ToN},
	volume={24},
	number={4},
	pages={2140--2153},
	year={2016},
	publisher={IEEE Press}
}

@inproceedings{wu2009queuing,
	title={Queuing network models for multi-channel {P2P} live streaming systems},
	author={Wu, Di and Liu, Yong and Ross, Keith},
	booktitle={IEEE INFOCOM},
	pages={73--81},
	year={2009},
}

@inproceedings{Roverso:2015,
	author = {Roverso, Roberto and Reale, Riccardo and El-Ansary, Sameh and Haridi, Seif},
	title = {{SmoothCache 2.0: CDN}-quality Adaptive {HTTP} Live Streaming on Peer-to-peer Overlays},
	booktitle = {ACM MMSys},
	year = {2015},
	pages = {61--72}
} 


@article{shen2013dht,
	title={A {DHT}-aided chunk-driven overlay for scalable and efficient peer-to-peer live streaming},
	author={Shen, Haiying and Li, Ze and Li, Jin},
	journal={IEEE TPDS},
	volume={24},
	number={11},
	pages={2125--2137},
	year={2013}
}


@inproceedings{dougherty2011live,
	title={Live-streaming mobile video: production as civic engagement},
	author={Dougherty, Audubon},
	booktitle={MobileHCI},
	pages={425--434},
	year={2011}
}

@inproceedings{huysegems2015http,
	title={{HTTP/2}-based methods to improve the live experience of adaptive streaming},
	author={Huysegems, Rafael and Van Der Hooft, Jeroen and Bostoen, Tom and Rondao Alface, Patrice and Petrangeli, Stefano and Wauters, Tim and De Turck, Filip},
	booktitle={ACM MM},
	pages={541--550},
	year={2015},
}

@inproceedings{pires2015youtube,
	title={{YouTube} live and {Twitch}: a tour of user-generated live streaming systems},
	author={Pires, Karine and Simon, Gwendal},
	booktitle={ACM MMSys},
	pages={225--230},
	year={2015}
}

@article{wang2009mtreebone,
	title={mtreebone: A collaborative tree-mesh overlay network for multicast video streaming},
	author={Wang, Feng and Xiong, Yongqiang and Liu, Jiangchuan},
	journal={IEEE Transactions on Parallel and Distributed Systems},
	volume={21},
	number={3},
	pages={379--392},
	year={2009}
}

@inproceedings{kaheel2009mobicast,
	title={Mobicast: a system for collaborative event casting using mobile phones},
	author={Kaheel, Ayman and El-Saban, Motaz and Refaat, Mahmoud and Ezz, Mostafa},
	booktitle={ACM MUM},
	pages={1--8},
	year={2009}
}

@article{dai2012collaborative,
	title={Collaborative caching in wireless video streaming through resource auctions},
	author={Dai, Jie and Liu, Fangming and Li, Bo and Li, Baochun and Liu, Jiangchuan},
	journal={IEEE Journal on Selected Areas in Communications},
	volume={30},
	number={2},
	pages={458--466},
	year={2012},
	publisher={IEEE}
}



@inproceedings{wang2012calms,
	title={{CALMS}: Cloud-assisted live media streaming for globalized demands with time/region diversities},
	author={Wang, Feng and Liu, Jiangchuan and Chen, Minghua},
	booktitle={IEEE INFOCOM},
	pages={199--207},
	year={2012},
	organization={Citeseer}
}

@inproceedings{roverso2015smoothcache,
	title={{SmoothCache} 2.0: {CDN}-quality adaptive {HTTP} live streaming on peer-to-peer overlays},
	author={Roverso, Roberto and Reale, Riccardo and El-Ansary, Sameh and Haridi, Seif},
	booktitle={ACM MMSys},
	pages={61--72},
	year={2015}
}

@article{merani2016adaptive,
	title={Adaptive streaming in {P2P} live video systems: A distributed rate control approach},
	author={Merani, Maria Luisa and Natali, Laura},
	journal={ACM TOMM},
	volume={12},
	number={3},
	pages={46},
	year={2016}
}

@inproceedings{pellicone2017game,
	title={The Game of Performing Play: Understanding streaming as cultural production},
	author={Pellicone, Anthony J and Ahn, June},
	booktitle={ACM CHI},
	pages={4863--4874},
	year={2017}
}

@inproceedings{weisz2007watching,
	title={Watching together: integrating text chat with video},
	author={Weisz, Justin D and Kiesler, Sara and Zhang, Hui and Ren, Yuqing and Kraut, Robert E and Konstan, Joseph A},
	booktitle={ACM CHI},
	pages={877--886},
	year={2007}
}


@inproceedings{hamilton2014streaming,
	title={Streaming on twitch: fostering participatory communities of play within live mixed media},
	author={Hamilton, William A and Garretson, Oliver and Kerne, Andruid},
	booktitle={ACM CHI},
	pages={1315--1324},
	year={2014}
}



@InProceedings{ac3-mniha16,
	title = 	 {Asynchronous Methods for Deep Reinforcement Learning},
	author = 	 {Volodymyr Mnih and Adria Puigdomenech Badia and Mehdi Mirza and Alex Graves and Timothy Lillicrap and Tim Harley and David Silver and Koray Kavukcuoglu},
	booktitle = 	 {ICML},
	pages = 	 {1928--1937},
	year = 	 {2016},
}


@book{hagan1996neural,
	title={Neural network design},
	author={Hagan, Martin T and Demuth, Howard B and Beale, Mark H and De Jes{\'u}s, Orlando},
	volume={20},
	year={1996},
	publisher={Pws Pub. Boston}
}

@inproceedings{sengupta2018hotdash,
	title={HotDASH: Hotspot Aware Adaptive Video Streaming Using Deep Reinforcement Learning},
	author={Sengupta, Satadal and Ganguly, Niloy and Chakraborty, Sandip and De, Pradipta},
	booktitle={IEEE ICNP},
	pages={165--175},
	year={2018}
}

@inproceedings{jain1999throughput,
	title={Throughput fairness index: An explanation},
	author={Jain, Raj and Durresi, Arjan and Babic, Gojko},
	booktitle={ATM Forum contribution},
	volume={99},
	number={45},
	year={1999}
}

BibTeX | EndNote | ACM Ref

@inproceedings{bola2-acm-mmsys2018,
	author = {Spiteri, Kevin and Sitaraman, Ramesh and Sparacio, Daniel},
	title = {From Theory to Practice: Improving Bitrate Adaptation in the {DASH} Reference Player},
	booktitle = {ACM MMSys},
	year = {2018},
	pages = {123--137}
} 

@INPROCEEDINGS{bola1-infocom-2016,
	author={K. {Spiteri} and R. {Urgaonkar} and R. K. {Sitaraman}},
	booktitle={IEEE INFOCOM},
	title={{BOLA}: Near-optimal bitrate adaptation for online videos},
	year={2016},
}

@article{buffer-based-sigcomm-2014,
	author = {Huang, Te-Yuan and Johari, Ramesh and McKeown, Nick and Trunnell, Matthew and Watson, Mark},
	title = {A Buffer-based Approach to Rate Adaptation: Evidence from a Large Video Streaming Service},
	journal = {SIGCOMM Comput. Commun. Rev.},
	issue_date = {October 2014},
	volume = {44},
	number = {4},
	month = aug,
	year = {2014},
	pages = {187--198}
} 


@article{Liu-sigmetrics-2008,
	author = {Liu, Shao and Zhang-Shen, Rui and Jiang, Wenjie and Rexford, Jennifer and Chiang, Mung},
	title = {Performance Bounds for Peer-assisted Live Streaming},
	journal = {SIGMETRICS Perform. Eval. Rev.},
	issue_date = {June 2008},
	volume = {36},
	number = {1},
	month = jun,
	year = {2008},
	pages = {313--324},
}

@inproceedings{Wang:ACMmm-2011,
	author = {Wang, Zhi and Sun, Lifeng and Yang, Shiqiang and Zhu, Wenwu},
	title = {Prefetching Strategy in Peer-assisted Social Video Streaming},
	booktitle = {ACM MM},
	year = {2011},
	pages = {1233--1236},
} 

@INPROCEEDINGS{P2PHttp-2012,
	author={S. {Lederer} and C. {Müller} and C. {Timmerer}},
	booktitle={ACM PV},
	title={Towards peer-assisted dynamic adaptive streaming over {HTTP}},
	year={2012},
	pages={161-166},
}

@ARTICLE{P2P-incentive-2010,
	author={C. {Liang} and Z. {Fu} and Y. {Liu} and C. W. {Wu}},
	journal={IEEE TPDS},
	title={Incentivized Peer-Assisted Streaming for On-Demand Services},
	year={2010},
	volume={21},
	number={9},
	pages={1354-1367},
	month={Sep.},
}

@ARTICLE{PeerAss-RTMFP-2018,
	author={S. {Zou} and Q. {Wang} and J. {Ge} and Y. {Tian}},
	journal={IEEE Transactions on Circuits and Systems for Video Technology},
	title={Peer-Assisted Video Streaming With {RTMFP} Flash Player: A Measurement Study on {PPTV}},
	year={2018},
	volume={28},
	number={1},
	pages={158-170},
}

@INPROCEEDINGS{EdgeNode-GameTheory-Globecomm-2018,
	author={W. {Zhao} and W. {Qiu} and C. {Zhou} and Z. {Liu} and T. {Hara}},
	booktitle={IEEE Globecom Workshops},
	title={Edge-Node Assisted Live Video Streaming: A Coalition Formation Game Approach},
	year={2018},
}

@INPROCEEDINGS{Collaborative-P2P-WCNC-2018,
	author={C. {Lee} and I. {Chen}},
	booktitle={IEEE WCNC},
	title={Collaborative {P2P} streaming based on {MPEG-DASH} for smart devices},
	year={2018},
	pages={1-6},
}

@inproceedings{kiedanski2019youtube,
	title={Youtube traffic from the perspective of a developing country: the case of {Uruguay}},
	author={Kiedanski, Diego and Nogueira, Mateo and Gramp{\'\i}n, Eduardo},
	booktitle={IEEE INFOCOM Workshops},
	pages={714--719},
	year={2019}
}

@inproceedings{zhang2015crowdsourced,
	title={On crowdsourced interactive live streaming: a twitch.tv-based measurement study},
	author={Zhang, Cong and Liu, Jiangchuan},
	booktitle={ACM NOSSDAV},
	pages={55--60},
	year={2015}
}


@article{ISHAKIAN201714,
	title={{AngelCast}: Cloud-based peer-assisted live streaming using optimized multi-tree construction},
	author={Ishakian, Vatche and Sweha, Raymond and Bestavros, Azer},
	journal={Computer Communications},
	volume={111},
	pages={14--28},
	year={2017},
	publisher={Elsevier}
}

@ARTICLE{TNET-Migration-2016,
	author={F. {Wang} and J. {Liu} and M. {Chen} and H. {Wang}},
	journal={IEEE/ACM Tran. on Netw.},
	title={Migration Towards Cloud-Assisted Live Media Streaming},
	year={2016},
	volume={24},
	number={1},
	pages={272-282}
}

@ARTICLE{TNET-Coop-2015,
	author={D. {Ciullo} and V. {Martina} and M. {Garetto} and E. {Leonardi}},
	journal={IEEE/ACM Tran. on Netw.},
	title={How Much Can Large-Scale Video-on-Demand Benefit From Users' Cooperation?},
	year={2015},
	volume={23},
	number={6},
	pages={1846--1861},
	month={Dec},
}

@misc{LiveStreamDuration1,
	title = {Live Streaming: Strategies to Increase Audience Attention \& Engagement Activity},
	howpublished = {\url{http://www.mikedelgado.org/live-streaming/audience-engagement/}},
	note = {Accessed: 2019-05-01}
}
@misc{LiveStreamDuration2,
	title = {The Top Video Live Streaming Statistics To Know in 2018},
	howpublished = {\url{https://50wheel.com/the-top-video-live-streaming-statistics-to-know-in-2018/}},
	note = {Accessed: 2019-05-01}
}

@misc{multicastAbrCablelabs,
	title = {{IP} Multicast Adaptive Bit Rate Architecture Technical Report},
	howpublished = {\url{https://specification-search.cablelabs.com/ip-multicast-adaptive-bit-rate-architecture-technical-report}},
	note = {Accessed: 2020-06-26},
	month = {Jun},
	year = {2016}
}

@INPROCEEDINGS{dht1,
	author={K. {Leung} and I. {Lee}},
	booktitle={2009 International Symposium on Computer Network and Multimedia Technology},
	title={Distributed Video Streaming over DHT P2P Overlays},
	year={2009},
	volume={},
	number={},
	pages={1-4},
	ISSN={},
	month={Jan},
}

@article{ChordStoica,
	author = {Stoica, Ion and Morris, Robert and Karger, David and Kaashoek, M. Frans and Balakrishnan, Hari},
	title = {Chord: A Scalable Peer-to-peer Lookup Service for Internet Applications},
	journal = {SIGCOMM Comput. Commun. Rev.},
	issue_date = {October 2001},
	volume = {31},
	number = {4},
	month = aug,
	year = {2001},
	issn = {0146-4833},
	pages = {149--160},
	numpages = {12},
	acmid = {383071},
	publisher = {ACM},
	address = {New York, NY, USA},
} 

@INPROCEEDINGS{ICN-DASH,
	author={S. {Lederer} and C. {Mueller} and B. {Rainer} and C. {Timmerer} and H. {Hellwagner}},
	booktitle={IEEE ICME}, 
	title={An experimental analysis of Dynamic Adaptive Streaming over {HTTP} in Content Centric Networks}, 
	year={2013},
	volume={},
	number={},
	pages={1-6},
}

@ARTICLE{7995137,
	author={J. {Samain} and G. {Carofiglio} and L. {Muscariello} and M. {Papalini} and M. {Sardara} and M. {Tortelli} and D. {Rossi}},
	journal={IEEE Transactions on Multimedia}, 
	title={Dynamic Adaptive Video Streaming: Towards a Systematic Comparison of {ICN} and {TCP/IP}}, 
	year={2017},
	volume={19},
	number={10},
	
	pages={2166-2181},
}
